@article{isabelle2017challenge,
  title={A challenge set approach to evaluating machine translation},
  author={Isabelle, Pierre and Cherry, Colin and Foster, George},
  journal={arXiv preprint arXiv:1704.07431},
  year={2017}
}
